%% This BibTeX bibliography file was created using BibDesk.
%% http://bibdesk.sourceforge.net/


%% Created for Marco Tinacci at 2012-05-30 20:24:51 +0200 


%% Saved with string encoding Unicode (UTF-8) 



@webpage{antlr,
	Title = {ANTLR},
	Date-Added = {2012-05-30 18:23:46 +0000},
	Date-Modified = {2012-05-30 18:23:51 +0000},
	Url = {http://www.antlr.org/},
	Bdsk-Url-1 = {http://www.antlr.org/}}

@webpage{xtend,
	Title = {Xtend} ,
	Date-Added = {2012-05-30 18:22:25 +0000},
	Date-Modified = {2012-05-30 18:22:32 +0000},
	Url = {http://www.eclipse.org/xtend/},
	Bdsk-Url-1 = {http://www.eclipse.org/xtend/}}

@article{foragingscenarioklaim,
	Author = {Edmond Gjondrekaj and Michele Loreti and Rosario Pugliese and Francesco Tiezzi},
	Date-Added = {2012-05-30 18:17:38 +0000},
	Date-Modified = {2012-05-30 18:20:26 +0000},
	Keywords = {foraging, klaim, stoklaim, marXbot, stochastic},
	Title = {A Robot Foraging Scenario in Klaim},
	Year = {2011},
	Bdsk-File-1 = {YnBsaXN0MDDUAQIDBAUIJidUJHRvcFgkb2JqZWN0c1gkdmVyc2lvblkkYXJjaGl2ZXLRBgdUcm9vdIABqAkKFRYXGyIjVSRudWxs0wsMDQ4RFFpOUy5vYmplY3RzV05TLmtleXNWJGNsYXNzog8QgASABqISE4ACgAOAB1lhbGlhc0RhdGFccmVsYXRpdmVQYXRo0hgNGRpXTlMuZGF0YU8RAg4AAAAAAg4AAgAAB0Nob21za3kAAAAAAAAAAAAAAAAAAAAAAAAAAMvYE7pIKwAAABNfsx5mb3JhZ2luZ19zY2VuYXJpb19pbl9LbGFpbS5wZGYAAAAAAAAAAAAAAAAAAAAAAAAAAAAAAAAAAAAAAAAAAAAAE+tVyxeOIwAAAAAAAAAAAAMABgAACSAAAAAAAAAAAAAAAAAAAAAGcGFwZXJzABAACAAAy9f3mgAAABEACAAAyxeAEwAAAAEAHAATX7MAE1+OABNfNgATXx4AE16VAAXszwAAkzgAAgBqQ2hvbXNreTpVc2VyczoAbWFyY290aW5hY2NpOgBEcm9wYm94OgBVbml2ZXJzaXSIOgBNYWdpc3RyYWxlOgBUZXNpOgBwYXBlcnM6AGZvcmFnaW5nX3NjZW5hcmlvX2luX0tsYWltLnBkZgAOAD4AHgBmAG8AcgBhAGcAaQBuAGcAXwBzAGMAZQBuAGEAcgBpAG8AXwBpAG4AXwBLAGwAYQBpAG0ALgBwAGQAZgAPABAABwBDAGgAbwBtAHMAawB5ABIAXVVzZXJzL21hcmNvdGluYWNjaS9Ecm9wYm94L1VuaXZlcnNpdGHMgC9NYWdpc3RyYWxlL1Rlc2kvcGFwZXJzL2ZvcmFnaW5nX3NjZW5hcmlvX2luX0tsYWltLnBkZgAAEwABLwAAFQACABP//wAAgAXSHB0eH1gkY2xhc3Nlc1okY2xhc3NuYW1lox8gIV1OU011dGFibGVEYXRhVk5TRGF0YVhOU09iamVjdG8QUgAuAC4ALwAuAC4ALwAuAC4ALwBEAHIAbwBwAGIAbwB4AC8AVQBuAGkAdgBlAHIAcwBpAHQAYQMAAC8ATQBhAGcAaQBzAHQAcgBhAGwAZQAvAFQAZQBzAGkALwBwAGEAcABlAHIAcwAvAGYAbwByAGEAZwBpAG4AZwBfAHMAYwBlAG4AYQByAGkAbwBfAGkAbgBfAEsAbABhAGkAbQAuAHAAZABm0hwdJCWiJSFcTlNEaWN0aW9uYXJ5EgABhqBfEA9OU0tleWVkQXJjaGl2ZXIACAARABYAHwAoADIANQA6ADwARQBLAFIAXQBlAGwAbwBxAHMAdgB4AHoAfACGAJMAmACgArICtAK5AsICzQLRAt8C5gLvA5YDmwOeA6sDsAAAAAAAAAIBAAAAAAAAACgAAAAAAAAAAAAAAAAAAAPC}}

@article{concfwada,
	Author = {Roberto Bruni and Andrea Corradini and Alberto Lluch Lafuente and Fabio Gadducci and Andrea Vandin},
	Date-Added = {2012-05-30 18:11:32 +0000},
	Date-Modified = {2012-05-30 18:15:52 +0000},
	Journal = {LNCS},
	Keywords = {adaptation},
	Pages = {240--254},
	Title = {A conceptual framework for adaptation},
	Volume = {7212},
	Year = {2012}}

@webpage{argos,
	Title = {ARGoS},
	Date-Added = {2012-05-29 15:37:15 +0000},
	Date-Modified = {2012-05-29 15:38:06 +0000},
	Keywords = {swarms, simulator, c++},
	Url = {http://iridia.ulb.ac.be/argos/home.php},
	Bdsk-Url-1 = {http://iridia.ulb.ac.be/argos/home.php}}

@article{adapselfassmaude,
	Author = {Roberto Bruni and Andrea Corradini and Fabio Gadducci and Alberto Lluch Lafuente and Andrea Vandin},
	Date-Added = {2012-05-29 15:30:48 +0000},
	Date-Modified = {2012-05-29 15:33:41 +0000},
	Journal = {ASCENS},
	Keywords = {adaptation, autonomic, self-assembly, swarms, ensembles, maude},
	Title = {Modelling and Analyzing Adaptive Self-Assembling Strategies with Maude},
	Year = {2012},
	Bdsk-File-1 = {YnBsaXN0MDDUAQIDBAUIJidUJHRvcFgkb2JqZWN0c1gkdmVyc2lvblkkYXJjaGl2ZXLRBgdUcm9vdIABqAkKFRYXGyIjVSRudWxs0wsMDQ4RFFpOUy5vYmplY3RzV05TLmtleXNWJGNsYXNzog8QgASABqISE4ACgAOAB1lhbGlhc0RhdGFccmVsYXRpdmVQYXRo0hgNGRpXTlMuZGF0YU8RAfoAAAAAAfoAAgAAB0Nob21za3kAAAAAAAAAAAAAAAAAAAAAAAAAAMvYE7pIKwAAABNfsxlzZWxmLWFzc2VtYmxpbmdfbWF1ZGUucGRmAAAAAAAAAAAAAAAAAAAAAAAAAAAAAAAAAAAAAAAAAAAAAAAAAAAAFBPYy3A99gAAAAAAAAAAAAMABgAACSAAAAAAAAAAAAAAAAAAAAAGcGFwZXJzABAACAAAy9f3mgAAABEACAAAy3Av5gAAAAEAHAATX7MAE1+OABNfNgATXx4AE16VAAXszwAAkzgAAgBlQ2hvbXNreTpVc2VyczoAbWFyY290aW5hY2NpOgBEcm9wYm94OgBVbml2ZXJzaXSIOgBNYWdpc3RyYWxlOgBUZXNpOgBwYXBlcnM6AHNlbGYtYXNzZW1ibGluZ19tYXVkZS5wZGYAAA4ANAAZAHMAZQBsAGYALQBhAHMAcwBlAG0AYgBsAGkAbgBnAF8AbQBhAHUAZABlAC4AcABkAGYADwAQAAcAQwBoAG8AbQBzAGsAeQASAFhVc2Vycy9tYXJjb3RpbmFjY2kvRHJvcGJveC9Vbml2ZXJzaXRhzIAvTWFnaXN0cmFsZS9UZXNpL3BhcGVycy9zZWxmLWFzc2VtYmxpbmdfbWF1ZGUucGRmABMAAS8AABUAAgAT//8AAIAF0hwdHh9YJGNsYXNzZXNaJGNsYXNzbmFtZaMfICFdTlNNdXRhYmxlRGF0YVZOU0RhdGFYTlNPYmplY3RvEE0ALgAuAC8ALgAuAC8ALgAuAC8ARAByAG8AcABiAG8AeAAvAFUAbgBpAHYAZQByAHMAaQB0AGEDAAAvAE0AYQBnAGkAcwB0AHIAYQBsAGUALwBUAGUAcwBpAC8AcABhAHAAZQByAHMALwBzAGUAbABmAC0AYQBzAHMAZQBtAGIAbABpAG4AZwBfAG0AYQB1AGQAZQAuAHAAZABm0hwdJCWiJSFcTlNEaWN0aW9uYXJ5EgABhqBfEA9OU0tleWVkQXJjaGl2ZXIACAARABYAHwAoADIANQA6ADwARQBLAFIAXQBlAGwAbwBxAHMAdgB4AHoAfACGAJMAmACgAp4CoAKlAq4CuQK9AssC0gLbA3gDfQOAA40DkgAAAAAAAAIBAAAAAAAAACgAAAAAAAAAAAAAAAAAAAOk}}

@webpage{prism,
	Title = {Prism Model Checker},
	Date-Added = {2012-05-29 15:27:59 +0000},
	Date-Modified = {2012-05-29 15:29:11 +0000},
	Keywords = {model check, stochastic, nondeterminism},
	Url = {http://www.prismmodelchecker.org/},
	Bdsk-Url-1 = {http://www.prismmodelchecker.org/}}

@webpage{xtext,
	Title = {Xtext},
	Date-Added = {2012-05-29 15:25:23 +0000},
	Date-Modified = {2012-05-29 15:27:22 +0000},
	Keywords = {eclipse, grammar, compiler, ide},
	Url = {http://www.eclipse.org/Xtext/},
	Bdsk-Url-1 = {http://www.eclipse.org/Xtext/}}

@article{ascens-wp71,
	Author = {Nikola Serbedzija and Stephan Reiter and Maximilian Ahrens and Jos{\'e} Velasco and Carlo Pinciroli and Nicklas Hoch and Bernd Werther},
	Date-Added = {2012-05-29 15:22:21 +0000},
	Date-Modified = {2012-05-29 15:34:27 +0000},
	Journal = {ASCENS},
	Keywords = {swarms, cloud computing, e-mobility},
	Title = {Requirement Specification and Scenario Description of the ASCENS Case Studies},
	Year = {2011},
	Bdsk-File-1 = {YnBsaXN0MDDUAQIDBAUIJidUJHRvcFgkb2JqZWN0c1gkdmVyc2lvblkkYXJjaGl2ZXLRBgdUcm9vdIABqAkKFRYXGyIjVSRudWxs0wsMDQ4RFFpOUy5vYmplY3RzV05TLmtleXNWJGNsYXNzog8QgASABqISE4ACgAOAB1lhbGlhc0RhdGFccmVsYXRpdmVQYXRo0hgNGRpXTlMuZGF0YU8RAdQAAAAAAdQAAgAAB0Nob21za3kAAAAAAAAAAAAAAAAAAAAAAAAAAMvYE7pIKwAAABNf9gdENzEucGRmAAAAAAAAAAAAAAAAAAAAAAAAAAAAAAAAAAAAAAAAAAAAAAAAAAAAAAAAAAAAAAAAAAAAAAAAAAAAFL7dyvD4FgAAAAAAAAAAAAMABwAACSAAAAAAAAAAAAAAAAAAAAAMZGVsaXZlcmFibGVzABAACAAAy9f3mgAAABEACAAAyvDqBgAAAAEAIAATX/YAE1+mABNfjgATXzYAE18eABNelQAF7M8AAJM4AAIAYENob21za3k6VXNlcnM6AG1hcmNvdGluYWNjaToARHJvcGJveDoAVW5pdmVyc2l0iDoATWFnaXN0cmFsZToAVGVzaToAeWVhcjE6AGRlbGl2ZXJhYmxlczoARDcxLnBkZgAOABAABwBEADcAMQAuAHAAZABmAA8AEAAHAEMAaABvAG0AcwBrAHkAEgBSVXNlcnMvbWFyY290aW5hY2NpL0Ryb3Bib3gvVW5pdmVyc2l0YcyAL01hZ2lzdHJhbGUvVGVzaS95ZWFyMS9kZWxpdmVyYWJsZXMvRDcxLnBkZgATAAEvAAAVAAIAE///AACABdIcHR4fWCRjbGFzc2VzWiRjbGFzc25hbWWjHyAhXU5TTXV0YWJsZURhdGFWTlNEYXRhWE5TT2JqZWN0bxBHAC4ALgAvAC4ALgAvAC4ALgAvAEQAcgBvAHAAYgBvAHgALwBVAG4AaQB2AGUAcgBzAGkAdABhAwAALwBNAGEAZwBpAHMAdAByAGEAbABlAC8AVABlAHMAaQAvAHkAZQBhAHIAMQAvAGQAZQBsAGkAdgBlAHIAYQBiAGwAZQBzAC8ARAA3ADEALgBwAGQAZtIcHSQloiUhXE5TRGljdGlvbmFyeRIAAYagXxAPTlNLZXllZEFyY2hpdmVyAAgAEQAWAB8AKAAyADUAOgA8AEUASwBSAF0AZQBsAG8AcQBzAHYAeAB6AHwAhgCTAJgAoAJ4AnoCfwKIApMClwKlAqwCtQNGA0sDTgNbA2AAAAAAAAACAQAAAAAAAAAoAAAAAAAAAAAAAAAAAAADcg==}}
